% This file was created with JabRef 2.4.
% Encoding: Cp1252

@ARTICLE{Aeyels_1981_delayreconstr,
  author = {D. Aeyels},
  title = {Generic Observability of Differentiable Systems},
  journal = {\uppercase{SIAM} J. Control and optimization},
  year = {1981},
  volume = {19},
  number = {5}
}

@BOOK{antoulas2005als,
  title = {Approximation of Large-Scale Dynamical Systems (Advances in Design
	and Control)},
  publisher = {Society for Industrial and Applied Mathematics Philadelphia, PA,
	USA},
  year = {2005},
  author = {Antoulas, A.C.}
}

@ARTICLE{Aschbrenner_2003_corrdim_fail,
  author = {R. Aschenbrenner-Scheibe and T. Maiwald and M. Winterhalder and H.
	U. Voss and J. Trimmer and A. Schulze-Bonhage},
  title = {How well can epileptic seizures be predicted? An evaluation of a
	nonlinear method},
  journal = {Brain},
  year = {2003},
  volume = {126},
  pages = {2616-2626}
}

@ARTICLE{Cavazzuti_1980_normalspikechild,
  author = {G. B.Cavazzuti and L. Cappella and A. Nalin},
  title = {Longitudinal study of epileptiform EEG patterns in normal children},
  journal = {Epilepsia},
  year = {1980},
  volume = {21},
  pages = {43-55},
  number = {1}
}

@INCOLLECTION{Banks_1995_costs,
  author = {G.H. Banks and K.J Regan and R.G Beran},
  title = {The prevalence and direct costs of epilepsy in Australia.},
  booktitle = {\uppercase{ILAE}\footnotemark[2] Commission on Economic Aspects of
	Epilepsy. Cost of epilepsy: Proceedings of the 20th International
	Epilepsy Congress.},
  publisher = {Wehr-Baden: Ciba-Geigy Verlag},
  year = {1995 },
  editor = {R.G. Beran and C. Pachlatko},
  pages = {39-48}
}

@ARTICLE{Beran_1985_PrevalenceAustralia,
  author = {R.G. Beran and L. Hall and J. Michelazzi},
  title = {An accurate assessment of the prevalence ratio of epilepsy adequately
	adjusted by influencing factors},
  journal = {Neuroepidemiology},
  year = {1985 },
  volume = {4},
  pages = {71-81},
  number = {2}
}

@ARTICLE{Bernard_2005_dogmadream,
  author = {C. Bernard},
  title = {Visions \& Reflections. Dogma and Dreams: Experimental lessons for
	epilepsy mechanism chasers},
  journal = {Cellular and Molecular Life Sciences},
  year = {2005},
  volume = {62},
  pages = {1177-1181}
}

@ARTICLE{Blanco_1995_StationarityEEG,
  author = {S. Blanco and H. Garcia and R. Quian Quiroga and L. Romanelli and
	O.A. Rosso },
  title = {Stationarity of the EEG Series},
  journal = {IEEE Engineering in Medicine and Biology},
  year = {1995},
  volume = {14},
  pages = {395-399},
  number = {4}
}

@ARTICLE{boi_1999_coants,
  author = {Boi, S. and Couzin, ID and Del Buono, N. and Franks, NR and Britton,
	NF},
  title = {{Coupled oscillators and activity waves in ant colonies}},
  journal = {Proceedings of the Royal Society B: Biological Sciences},
  year = {1999},
  volume = {266},
  pages = {371},
  number = {1417},
  publisher = {The Royal Society}
}

@ARTICLE{Bragin_2002_highfreq,
  author = {A. Bragin and C.L Wilson and R.J Staba and M. Reddick and I. Fried
	and J. Engel Jr.},
  title = {Interictal High-Frequency Oscillations (80-500Hz) in the Human Epileptic
	Brain: Entorhinal Cortex},
  journal = {Annals of Neurology},
  year = {2002},
  volume = {52},
  pages = {407-415}
}

@BOOK{Carr_1998_BioEquip,
  title = {Introduction to biomedical equipment technology},
  publisher = {Prentice Hall},
  year = {1998},
  author = {J.J. Carr and J. M. Brown},
  edition = {3rd}
}

@ARTICLE{DeClercq_2002_DSIfail,
  author = {W. De Clercq and P. Lemmerling and S. Van Huffel and W. Van Paesschen},
  title = {Evaluation of the methods for determining a pre-ictal state in scalp
	EEG measurement},
  journal = {Proceedings of 2nd European Medical and Biological Engineering Conference
	EMBEC'02, Vienna, Austria},
  year = {2002}
}

@ARTICLE{Compumedics_2002_UsrGde,
  author = {Compumedics},
  title = {ProFusion EEG User Guide},
  journal = {\copyright Compumedics Limited, 30-40 Flockhart Street, Abbotsford
	3067, Victoria},
  year = {2002 }
}

@ARTICLE{Dikanev_2005_EEGnonstationarity,
  author = {T. Dikanev and D. Smirnov and R.Wennberg and J.L Perez Valazquez
	and B. Bezruchko},
  title = {\uppercase{EEG} nonstationarity during intracranially recorded seizures:
	statistical and dynamical analysis},
  journal = {Clinical Neurophysiology},
  year = {2005},
  volume = {116},
  pages = {1796-1807}
}

@ARTICLE{VanDrongelen_2003_Entropy,
  author = {W. Van Drongelen and S. Nayak and D. M. Frim and M. H. Kohrman and
	V. L. Towle and H. C. Lee and A. B. McGee and M. S. Chico and K.
	E. Hecox},
  title = {Seizure Anticipation in Pediatric Epilepsy: Use of Kolmogorov Entropy},
  journal = {Pediatric Neurology },
  year = {2003},
  volume = {29},
  pages = {207-213},
  number = {3}
}

@ARTICLE{Elger_2001_futuretrends,
  author = {C.E. Elger},
  title = {Future Trends in epileptology},
  journal = {Current Opinion in Neurology},
  year = {2001},
  volume = {14},
  pages = {185-186}
}

@BOOK{WHO_2005_AtlasEpilepsy,
  title = {Atlas Epilepsy Care in the World 2005: Global Campaign Against Epilepsy},
  publisher = {World Health Organization},
  year = {2005},
  author = {International Bureau for Epilepsy (IBE) and International League
	against Epilepsy (ILAE) and World Health Organisation (WHO)}
}

@ARTICLE{Esteller_2005_energy,
  author = {R. Esteller and J. Echauz and M. D'Alessandro and G. Worrell and
	S. Cranstoun and G. Vachtsevanos and B. Litt},
  title = {Continuous energy variation during the seizure cycle: towards an
	on-line accumulated energy},
  journal = {Clinical Neurophysiology},
  year = {2005},
  volume = {116},
  pages = {517-526}
}

@ARTICLE{Feingold_1962_gersblock,
  author = {Feingold, D and Richard, S},
  title = {Block Diagonally dominant matrices and generalizations of the gerschgorin
	circle theorm},
  journal = {Pacific Journal of Mathematics},
  year = {1962},
  volume = {12},
  pages = {1241-1250},
  number = {4},
  owner = {elmao},
  timestamp = {2009.02.27}
}

@ARTICLE{Fisher_2005_DefinitionsfromILAE,
  author = {R.S. Fisher and W. Van Emde Boas, W. Blume and C. Elger and P. Genton
	and P. Lee and J. Engel, Jr.},
  title = {Epileptic seizures and epilepsy. Definitions proposed by the \uppercase{ILAE}\footnotemark[2]
	and the \uppercase{IBE}\footnotemark[1]},
  journal = {Epilepsia},
  year = {2005},
  volume = {46},
  pages = {470-472}
}

@ARTICLE{Freeman_1992_brainchaos,
  author = {W.J. Freeman},
  title = {Tutorial in Neurobiology: From Single Neurons to Brain Chaos},
  journal = {International Journal of Bifurcation and Chaos},
  year = {1992},
  volume = {2},
  pages = {451-482},
  number = {3}
}

@ARTICLE{Freeman_1991_perception,
  author = {W. J. Freeman},
  title = {The Physiology of Perception},
  journal = {Scientific America},
  year = {1991},
  volume = {264},
  pages = {78-85},
  number = {2}
}

@INCOLLECTION{Froyland_2001_markovmodel,
  author = {G. Froyland},
  title = {Extracting Dynamical Behaviour via Markov Models},
  booktitle = {Nonlinear dynamics and statistics},
  publisher = {Birkhäuser},
  year = {2001},
  editor = {A. I. Mees},
  chapter = {12},
  pages = {281-319}
}

@BOOK{Haken_2002_braindynamics,
  title = {{Brain Dynamics: Synchronization and Activity Patterns in Pulse-coupled
	Neural Nets with Delays and Noise}},
  publisher = {Springer},
  year = {2002},
  author = {Haken, H.}
}

@ARTICLE{Harrison_2005_Energy,
  author = {M. A. Harrison and M. G. Frei and I. Osorio},
  title = {Accumulated Energy revisited},
  journal = {Clinical Neurophysiology},
  year = {2005},
  volume = {116},
  pages = {527-531}
}

@ARTICLE{Harrison_2005_Corrdim_fail,
  author = {M. A. Harrison and I. Osorio and M. G. Frei and S. Asuri and Y. Lai},
  title = {Correlation dimension and integral do not predict epileptic seizures},
  journal = {Chaos},
  year = {2005},
  volume = {15},
  number = {033106}
}

@BOOK{Hilborn_1994_nonlin,
  title = {Chaos and Nonlinear Dynamics: An introduction for Scientists and
	Engineers},
  publisher = {Oxford University Press},
  year = {1994},
  author = {R. C. Hilborn}
}

@BOOK{Hyvarienen_2001_ICA,
  title = {Independent Component Analysis},
  publisher = {John Wiley \& Sons, Inc. },
  year = {2001},
  author = {A. Hyv\"{a}rinen and J. Karhunen and E. Oja}
}

@ARTICLE{Iasemidis_2003_predictcontrol,
  author = {L.D Iasemidis},
  title = {Epileptic Seizure Prediction and Control},
  journal = {IEEE Transactions on Biomedical Engineering},
  year = {2003},
  volume = {50},
  pages = {549-558}
}

@ARTICLE{Iasemidis_1990_lyapexp,
  author = {L. D. Iasemidis and J. C. Sackellares and H. P. Zaveri and W. J.
	Williams},
  title = {Phase Space topography and yje lyapunov exponent of electrocorticograms
	in partial seizures},
  journal = {Brain Topography},
  year = {1990},
  volume = {2},
  pages = {187-201},
  number = {3}
}

@ARTICLE{Iasemidis_2005_reply,
  author = {L. D. Iasemidis and K. Tsakalis and J. C. Sackellares and P. M. Pardalos},
  title = {Comment on "Inability of Lyapunov exponents to predict epileptic
	seizures"},
  journal = {Physical Review Letters},
  year = {2005},
  volume = {94},
  number = {019801}
}

@ARTICLE{Inouye_1994_spectcontent,
  author = {T. Inouye and Y. Matsumoto and K. Shinosaki and A. Iyama and S. Toi},
  title = {Increases in the power spectral slope of background electroencephalogram
	just prior to asymmetric spike and wave complexes in epileptic patients.},
  journal = {Neuroscience Letters},
  year = {1994},
  volume = {173},
  pages = {197-200},
  month = {May}
}

@ARTICLE{Engel_2006_ClassificationReport,
  author = {J. Engel, Jr.},
  title = {Report of the \uppercase{ILAE}\footnotemark[2] classification Core
	Group},
  journal = {Epilepsia},
  year = {2006},
  volume = {47},
  pages = {1558-1568},
  number = {9}
}

@ARTICLE{Jasper_1958_10-20,
  author = {H.H. Jasper},
  title = {The ten-twenty electrode system of the International Federation},
  journal = {Electroencephalography and clinical neurophysiology},
  year = {1958},
  volume = {10},
  pages = {371-375}
}

@ARTICLE{Jedynak_1994_failure5D,
  author = {A. Jedynak and M. Bach and J. Timmer},
  title = {Failure of dimensional analysis in a simple five-dimensional system},
  journal = {Physical Review E},
  year = {1994},
  volume = {50},
  pages = {1770-1781},
  number = {3}
}

@ARTICLE{Jefferys_2003_ModelsEpilepsyExp,
  author = {J.G. R. Jefferys},
  title = {Models and Mechanisms of Experimental Epilepsies},
  journal = {Epilepsia},
  year = {2003},
  volume = {44},
  pages = {44-50},
  number = {Suppl. 12}
}

@ARTICLE{Jouny_2005_preictalperiod,
  author = {C.C. Jouny and P.J. Franaszczuk and G.K. Bergey},
  title = {Signal Complexity and synchrony of epileptic seizures: is there a
	an identifiable preictal period?},
  journal = {Clinical Neurophysiology},
  year = {2005},
  volume = {116},
  pages = {552-558}
}

@BOOK{Kandel_2002_PrinciplesNeuralSc,
  title = {Principals of Neural Science},
  publisher = {McGraw-Hill},
  year = {2002},
  author = {E.R. Kandel and J.H. Schwartz and T.M. Jessel},
  edition = {4th}
}

@BOOK{Kantz_2006_NonLinTimeSeriesAnalysis,
  title = {Nonlinear time series analysis},
  publisher = {Cambridge University Press},
  year = {2006},
  author = {H. Kantz and T. Schreiber},
  edition = {2nd}
}

@BOOK{kay_1998_Est_theory,
  title = {Fundamentals of Statistical Signal Processing: Estimation Theory},
  publisher = {Prentice Hall},
  year = {1998},
  author = {Steven M. Kay},
  volume = {I},
  owner = {elmao},
  timestamp = {2009.04.23}
}

@INCOLLECTION{Mees_2001_datacompression,
  author = {M. B. Kennel and A. I. Mees},
  title = {Data Compression, Dynamics and Stationarity},
  booktitle = {Nonlinear dynamics and statistics},
  publisher = {Birkhäuser},
  year = {2001},
  editor = {A. I. Mees},
  chapter = {16},
  pages = {281-319}
}

@ARTICLE{Mees_2002_Contexttreemodel_observeddynamics,
  author = {M. B. Kennel and A. I. Mees},
  title = {Context-tree modelling of observed symbolic dynamics},
  journal = {Physical Review A},
  year = {2002},
  volume = {66},
  number = {056209}
}

@ARTICLE{koplon_1993_lss,
  author = {Koplon, R. and Sontag, E.D.},
  title = {Linear systems with sign-observations},
  journal = {SIAM Journal on Control and Optimization},
  year = {1993},
  volume = {31},
  pages = {1245--1266},
  number = {5}
}

@ARTICLE{koplon_1994_ols,
  author = {Koplon, R. and Sontag, E.D. and Hautus, MLJ},
  title = {Observability of linear systems with saturated outputs},
  journal = {Linear Algebra and its Applications},
  year = {1994},
  volume = {205},
  pages = {909--936},
  number = {1},
  publisher = {New York: Elsevier Science, 1968-}
}

@ARTICLE{Kotsopoulos_2001_Costs,
  author = {I. A. W. Kotsopoulos and S.M.A. Evers and A. J. H. Ament and M.C.T.
	de Krom},
  title = {Estimating the Costs of Epilepsy:An International Comparison of Epilepsy
	Cost Studies},
  journal = {Epilepsia},
  year = {2001},
  volume = {42},
  pages = {634-640},
  number = {5}
}

@BOOK{kuramoto1984co,
  title = {Chemical Oscillations, Waves, and Turbulence},
  publisher = {Springer-Verlag},
  year = {1984},
  author = {Kuramoto, Y.},
  pages = {68},
  address = {New York},
  journal = {Waves, and Turbulence (Springer, Berlin, 1984)}
}

@ARTICLE{Loscher_2006_tolerance,
  author = {W. L\"{o}scher and D. Schmidt},
  title = {Critical Review: Experimental and Clinical Evidence for Loss of Effect
	(Tolerance) during prolonged Treatment with Antiepileptic Drugs},
  journal = {Epilepsia},
  year = {2006 },
  volume = {47},
  pages = {1253-1284}
}

@ARTICLE{Lai_2004_faillyap,
  author = {Y. C. Lai and M. A. Harrison and M. G. Frei and I. Osorio},
  title = {Controlled test for predictive power of Lyapunov exponents: their
	inability to predict epileptic seizures},
  journal = {Chaos},
  year = {2004},
  volume = {14},
  pages = {630-642},
  number = {3}
}

@ARTICLE{Lai_2003_lyapfail,
  author = {Y. C. Lai and M. A. Harrison and M. G. Frei and I. Osorio},
  title = {Inability of Lyapunov Exponents to predict Epileptic seizures},
  journal = {Physical review letters},
  year = {2003},
  volume = {91},
  number = {6}
}

@ARTICLE{Leherntz_2001_CorrDim,
  author = {K. Lehnertz and R. G. Andrzejak and J. Arnhold and T. Kreuz and F.
	Mormann and C. Reike and G. Widman and C. E. Elger},
  title = {Nonlinear EEG Analysis in Epilepsy: Its possible use for interictal
	focus localization, seizure antisipation, and prevention.},
  journal = {Journal of Clinical Neurophysiology},
  year = {2001},
  volume = {18},
  pages = {209-222},
  number = {3}
}

@ARTICLE{Lehnertz_1998_nonlinearpreictal,
  author = {K. Lehnertz and C.E. Elger},
  title = {Can epileptic seizures be predicted? Evidence from nonlinear Time
	Series Analysis of brain electrical activity},
  journal = {Physical Review Letters},
  year = {1998},
  volume = {80},
  pages = {5019-5022},
  number = {22}
}

@ARTICLE{Lehnertz_2003_SeizurePrediction_NonlinearAnalysis,
  author = {K. Lehnertz and F. Mormann and T. Kreuz and R.G. Andrzejak and C.
	Reike and P. David and C.E. Elger},
  title = {Seizure Prediction by Nonlinear EEG analysis},
  journal = {IEEE Engineering in Medicine and Biology Magazine},
  year = {2003},
  volume = {22},
  pages = {57-63},
  number = {1}
}

@ARTICLE{Liley_2002_alpha,
  author = {D. T. Liley and P. J. Cadusch and M.P Dafilis},
  title = {A spatially continuous mean field theory of electrocortical activity},
  journal = {Network},
  year = {2002},
  volume = {13}
}

@TECHREPORT{NEMCO_2007_50Hz,
  author = {National Electricity Market Management Company Limited},
  title = {Frequency \& Time Deviation Monitoring in the NEM (National Electricity
	Market)},
  institution = {National Electricity Market Management Company Limited},
  year = {2007},
  month = {Feb}
}

@ARTICLE{Lit_2001_hoursinadvance,
  author = {B. Litt and R. Esteller and J. Echauz and M. D'Allessandro and R.
	Stor and T. Henry and P. Pennell and C. Epstein and R. Bakay and
	M. Dichter and G. Vachtsevanos},
  title = {Epileptic seizures may begin hours in advance of Clinical Onset:
	A report of 5 patients},
  journal = {Neuron},
  year = {30},
  pages = {51-54}
}

@ARTICLE{Litt_2002_preseizure,
  author = {B. Litt and K. Lehertz},
  title = {Seizure prediction and the preseizure period },
  journal = {Current Opinion in Neurology},
  year = {2002},
  volume = {15},
  pages = {173-177},
  number = {2}
}

@INPROCEEDINGS{Mackenzie_2006_EEGspindles_sync_network,
  author = {Mackenzie, L. and Pope, K. and Willoughby, J. O.},
  title = {EEG Spindles: Evidence for a Synchronously Occurring Network Phenomenon},
  booktitle = {26th Annual Meeting of the Australian Neuroscience Society},
  year = {2006},
  volume = {17},
  series = {Proceedings of the Australian Neuroscience Society.},
  address = {Sydney, NSW}
}

@ARTICLE{Maiwald_2004_Dsi_Ae_EcorrDim,
  author = {T. Maiwald and M. Winterhalder and R. Aschenbrenner-Scheibe and H.
	U. Voss and A. Schulze-Bonhage and J. Timmer },
  title = {Comparison of three nonlinear seizure prediction methods by means
	of the seizure prediction characteristic},
  journal = {Physica D},
  year = {2004},
  volume = {194},
  pages = {357-368}
}

@ARTICLE{AuGovt_1999_diabetescost,
  author = {C. Mathers and R. Penm},
  title = {Health system costs of cardiovascular diseases and diabetes in Australia
	1993-94},
  journal = {Australian Institute of Health and Welfare, Australian Government:
	\uppercase{H}ealth and welfare expenditure series no. 5},
  year = {1999},
  address = {GPO Box 570, Canberra, ACT 2601},
  howpublished = {Australian Institute of Health and Welfare, Australian Government
	}
}

@ARTICLE{McCormick_2001_CellularNetworkBases,
  author = {D.A. McCormick and D. Contreras},
  title = {On the Cellular and Network Bases of Epileptic Seizures},
  journal = {Annual Review of Physiology},
  year = {2001},
  volume = {63},
  pages = {815-846}
}

@ARTICLE{McSharry_2003_linearvsnonlin,
  author = {P.E. McSharry and L.A. Smith and L. Tarassenko},
  title = {Comparison of Predictability of Epileptic Seixures by a Linear and
	a Non-linear Method},
  journal = {IEEE Transactions on Biomedical Engineering },
  year = {2003},
  volume = {50},
  pages = {628-633},
  number = {5}
}

@BOOK{Milton_2003_DynamicDisease,
  title = {Epilepsy as a Dynamic Disease},
  publisher = {Springer-Verlag},
  year = {2003},
  author = {J. Milton and P. Jung (Eds.)}
}

@ARTICLE{longwindingroad,
  author = {F. Mormann and R. G. Andrzejak and C. E. Elger and K. Lehnertz},
  title = {Seizure prediction: the long and winding road },
  journal = {Brain},
  year = {2007},
  volume = {130},
  pages = {314-33},
  number = {2}
}

@ARTICLE{Mormann_2003_preictalsyncdrop,
  author = {F. Mormann and R. G Andrzejak and T. Kreuz and P. David and C. Rieke
	and C.E. Elger and K. Lehnertz },
  title = {Automated detection of a preseizure state based on a decrease in
	synchronization in intracranial electroencephalogram recordings from
	epilepsy patients},
  journal = {Physical Review E},
  year = {2003},
  volume = {57},
  pages = {021912}
}

@ARTICLE{Mormann_2003_preictalsyncdrop_1,
  author = {F. Mormann and T. Kreuz and R. G Andrzejak and P. David and K. Lehnertz
	and C.E. Elger},
  title = {Epileptic seizures are preceeded by a decrease in synchronisation},
  journal = {Epilepsy research},
  year = {2003 },
  volume = {53},
  pages = {173-185}
}

@ARTICLE{Mormann_2005_Predictability,
  author = {F. Mormann and T. Kreuz and C. Reike and R. G. Andrzejak and A Kraskov
	and P. David and C. E. Elger and K. Lehnertz},
  title = {On the Predictability of epileptic seizures},
  journal = {Clinical Neurophysiology},
  year = {2005},
  volume = {116},
  pages = {569-587}
}

@ARTICLE{Mormann_2000_phasecoh,
  author = {F. Mormann and K. Lehnertz and P. David and C. E. Elger},
  title = {Mean phase coherance as a measure for phase synchronisation and its
	application to the EEG of epileptic patients},
  journal = {Physica D},
  year = {2000},
  volume = {114},
  pages = {358-369}
}

@ARTICLE{Narravo_2002_DSI,
  author = {V. Navarro and J. Martinerie and M. Le Van Quyen and S. Clemenceau
	and C. Adam and M. Baulac and F. Varela},
  title = {Seizure anticipation in human neocortical partial epilepsy},
  journal = {Brain},
  year = {2002 },
  volume = {125},
  pages = {640-655}
}

@BOOK{LopesDaSilvaNiedermeyer_2005_EEG,
  title = {Electroencephalography: Basic Principles, Clinical Applications and
	Related Fields.},
  publisher = {Lippincott Williams \& Wilkins},
  year = {2005},
  author = {E. Niedermeyer and R. Lopes Da Silva},
  edition = {5th Edition}
}

@BOOK{Nunez_2006_ElecFieldsBrain,
  title = {Electric Fields of the Brain - The neurophysics of EEG},
  publisher = {Oxford University Press},
  year = {2006},
  author = {P.L. Nunez and R. Srinivasan},
  edition = {2nd }
}

@INPROCEEDINGS{Elma_2009_cdc,
  author = {E. O'Sullivan-Greene and I. Mareels and L. Kuhlmann and A. Burkitt},
  title = {Observability Issues in Networked Clocks with Applications to Epilepsy},
  booktitle = {Submitted to the 48th IEEE CDC for consideration},
  year = {2009},
  owner = {elmao},
  timestamp = {2009.03.31}
}

@ARTICLE{Perucca_2005_AEDs,
  author = {E. Perucca},
  title = {An Introduction to Antiepileptic Drugs},
  journal = {Epilepsia},
  year = {2005},
  volume = {46},
  pages = {21-37}
}

@BOOK{PoldermanWillems_1991_Systemstheory,
  title = {Introduction to mathematical systems theory },
  publisher = {Springer},
  year = {1991},
  author = {J. W. Polderman and J. C. Willems}
}

@ARTICLE{LeVanQuyen_1998_sync_nonlin,
  author = {M. Le Van Quyen and C. Adam and M. Baulac and J. Martinerie and F.
	J. Varela},
  title = {Nonlinear interdependancies of EEG signals in human intracranically
	recorded temporal lobe seizures},
  journal = {Brain Research},
  year = {1998},
  volume = {792},
  pages = {24-40}
}

@ARTICLE{LeVanQuyen_1999_DSI,
  author = {M. Le Van Quyen and J. Martinerie and M. Baulac and F. Varela},
  title = {Anticipating epileptic seizures in real time by a non-linear analysis
	of similarity between EEG recordings},
  journal = {NeuroReport},
  year = {1999},
  volume = {10},
  pages = {2149-2155},
  number = {10}
}

@ARTICLE{LeVanQuyen_2001_DSIscalp,
  author = {M. Le Van Quyen and J. Martinerie and V. Navarro and P. Boon and
	M. D'Hav\'{e} and C. Adam and B. Renault },
  title = {Anticipation of epileptic seizures from standard EEG recordings},
  journal = {The Lancet},
  year = {2001},
  volume = {357},
  pages = {183-188},
  month = {January}
}

@ARTICLE{LeVanQuyen_2005_sync,
  author = {M. Le Van Quyen and J. Soss and V. Navarro and R. Robertson and M.
	Chavez and M. Baulac and J. Martinerie },
  title = {Preictal state identification by synchronization changes in long-term
	intracranial EEG recordings},
  journal = {Clinical Neurophysiology},
  year = {2005},
  volume = {116},
  pages = {559-568}
}

@ARTICLE{Rajna_1997_AuraSelfControl,
  author = {P. Rajna and B Clemens and E. Esibri and E. Dobos and A. Geregely
	and M. Gottschal and I. Gy\"{o}rgy and \'{A.} Horv\'{a}th , and F.
	Horv\'{a}th and L. Mez\"{o}fi and I. Velkey and J. Veres and E. Wagner},
  title = {Hungarian multicentre epidemiologic study of the warning and initial
	symptoms (prodrome, aura) of epileptic seizures},
  journal = {Seizure},
  year = {1997},
  volume = {6},
  pages = {361-368}
}

@ARTICLE{Reike_2003_NonlinEEG,
  author = {C. Reike and F. Mormann and R. G. Andrzejak and T. Kreuz and P. David
	and C. E. Elger and K. Lehnertz},
  title = {Discerning Nonstationarity from Nonlinearity in Seizure-free and
	preseizure \uppercase{EEG} recordings from epilepsy patients},
  journal = {IEEE transactions on Biomedical Engineering},
  year = {2003},
  volume = {50},
  pages = {634-639},
  number = {5}
}

@ARTICLE{Reike_2002_nonstat,
  author = {C. Reike and K. Sternickel and R. G. Andrzejak and C. E. Elger and
	P. David and K. Lehnertz},
  title = {Measuring Nonstationarity by analysing Loss of Recurrance in Dynamical
	systems},
  journal = {Physical Review Letters},
  year = {2002},
  volume = {88},
  number = {24}
}

@ARTICLE{Reynolds_2000_Prevalence,
  author = {E.H. Reynolds},
  title = {The \uppercase{ILAE}\footnotemark[2] /\uppercase{IBE}\footnotemark[1]
	/\uppercase{WHO}\footnotemark[3] Global Campaign against Epilepsy:
	Bringing Epilepsy ``Out of the Shadows'' \footnotetext[1]{ IBE: International
	Bureau for Epilepsy}\footnotetext[2]{ILAE: International League against
	Epilepsy}\footnotetext[3]{WHO: World Health Organisation}},
  journal = {Epilepsy \& Behaviour},
  year = {2000 },
  volume = {1 },
  pages = {S3-S8}
}

@ARTICLE{Rho_1999_AED,
  author = {J. Rho and R. Sankar},
  title = {Progress in Epilepsy research: The Pharmacological Basis of Antiepileptic
	drugs},
  journal = {Epilepsia},
  year = {1999},
  volume = {40},
  pages = {1471-1483}
}

@ARTICLE{Robinson_2003_Model,
  author = {P.A. Robinson and C.J. Rennie and D.L. Rowe and S.C. O'Connor and
	J.J. Wright and E. Gordon and R.W. Whitehouse},
  title = {Neurophysical Modeling of Brain Dynamics},
  journal = {Neuropsychopharmacology},
  year = {2003},
  volume = {28},
  pages = {S74-S79}
}

@ARTICLE{Rogowski_1981_earlypredict,
  author = {Z. Rogowski and I. Gath and E. Bental},
  title = {On the prediction of Epileptic Seizures},
  journal = {Biological Cybernetics},
  year = {1981},
  volume = {42},
  pages = {9-15}
}

@ARTICLE{Saab_2005_detection,
  author = {M. E. Saab and J. Gotman},
  title = {A system to detect the onset of epileptic seizures in scalp EEG},
  journal = {Clinical Neurophysiology},
  year = {2005},
  volume = {116},
  pages = {427-442}
}

@ARTICLE{Sam_2001_normalspike,
  author = {M. Sam and E.L. So},
  title = {Significance of epileptiform discharges in patients without epilepsy
	in the community},
  journal = {Epilepsia},
  year = {2001},
  volume = {42},
  pages = {1273-1278},
  number = {10}
}

@PHDTHESIS{Santoso_2002_Diabetes,
  author = {Lucia Santoso},
  title = {Managing type 1 diabeties mellitus: Modelling and Control},
  school = {Department of Electrical \& Electronic Engineering, The University
	of Melbourne},
  year = {2002}
}

@ARTICLE{Schmid-Schonbein_1998_Aura_Selfcontrol,
  author = {C. Schmid-Sch\"{o}nbein},
  title = {Improvement of seizure control by psychological methods in patients
	with intractable epilepsies},
  journal = {Seizure},
  year = {1998},
  volume = {7},
  pages = {261-270}
}

@ARTICLE{Schmitz_1999_sideeffects,
  author = {B. Schmitz},
  title = {Psychiatric Syndromes Related to Antiepileptic drugs},
  journal = {Epilepsia},
  year = {1999},
  volume = {40},
  pages = {S65-S70}
}

@ARTICLE{Schreiber_1997_NonatationarityTimeSeries,
  author = {T. Schreiber},
  title = {Detecting and Analyzing Nonstationarity in a Time Series Using Nonlinear
	Cross Predictions},
  journal = {Physical Review Letters},
  year = {1997},
  volume = {78},
  pages = {843-846},
  number = {5}
}

@BOOK{Sherwood_2001_cell2sys,
  title = {Human physiology: from cells to systems},
  publisher = {Brooks Cole},
  year = {2001},
  author = {L. Sherwood},
  edition = {4th }
}

@ARTICLE{Siegel_1982_earlypredict,
  author = {A. Siegel and C. L. Grady and A. F. Mirsky},
  title = {Prediction of Spike-Wave Bursts in Absence Epilepsy by EEG Power-Spectrum
	signals},
  journal = {Epilepsia},
  year = {1982},
  volume = {23},
  pages = {47-60}
}

@ARTICLE{LopesdaSilva_2003_dynamicaldieases,
  author = {F. H. Lopes da Silva and W. Blanes S.N. Kallitzin and J. Parra and
	P. Suffczynski and D. N. Velis},
  title = {Dynamical Dieases of Brain Systems: Different routes to Epileptic
	Seizures},
  journal = {IEEE Transactions on Biomedical Engineering },
  year = {2003},
  volume = {50},
  number = {5}
}

@ARTICLE{Staba_2002_highfreq,
  author = {R.J. Staba and C.L. Wilson and A. Bragin and I. Freid and J. Engel
	Jr.},
  title = {Quantitative Analysis of High-Frequency Oscillations (80-500 Hz)
	Recorded in Human Epileptic Hippocampus and Entorhinal Cortex},
  journal = {Journal of Neurophysiology},
  year = {2002},
  volume = {88},
  pages = {1743-1752}
}

@BOOK{Stam_2006_NonlinearBrainDynamics,
  title = {Nonlinear Brain Dynamics},
  publisher = {Nova Science Publishers},
  year = {2006},
  author = {C.J. Stam},
  edition = {1st Edition}
}

@ARTICLE{Stam_2002_sync_nonlin,
  author = {C. J. Stam and B. W Van Dijk},
  title = {Synchronization likelihood: an unbiased measure of generalized synchronisation
	in multivariate data sets},
  journal = {Physica D},
  year = {2002},
  volume = {163},
  pages = {236-251}
}

@BOOK{Stanislaw_2007_controleng,
  title = {Systems and Control (Engineering \& Technology)},
  publisher = {Oxford University Press},
  year = {2007},
  author = {H. Z. Stanislaw }
}

@ARTICLE{Stark_2000_somplexitysimplicity,
  author = {J. Stark},
  title = {Observing complexity, seeing simplicity},
  journal = {Philosophical Transactions of the Royal Society London A },
  year = {2000},
  volume = {358},
  pages = {41-61}
}

@ARTICLE{Stark_2003_stocasticforcing,
  author = {J. Stark and D.S Broomhead and M.E. Davies and J. Huke},
  title = {Delay Embedding for Forced Systems. II. Stocastic forcing},
  journal = {Journal of Nonlinear Science },
  year = {2003},
  volume = {13},
  pages = {519-577}
}

@ARTICLE{Stefanovska_1998_couposcheartbrain,
  author = {Stefanovska, A},
  title = {Coupled oscillators: Complex but not complicated cardiovascular and
	brain interactions},
  journal = {Proceedings of 28th IEEE EMBS International Conference},
  year = {2006},
  pages = {437-440},
  month = {September},
  owner = {elmao},
  timestamp = {2009.02.26}
}

@ARTICLE{suffczynski_2008_ActiveSeizAntis,
  author = {Suffczynski, P. and Kalitzin, S. and da Silva, F.L. and Parra, J.
	and Velis, D. and Wendling, F.},
  title = {Active paradigms of seizure anticipation: Computer model evidence
	for necessity of stimulation},
  journal = {Phys. Rev. E},
  year = {2008},
  volume = {78}
}

@INCOLLECTION{taken_1981_theorm,
  author = {F. Takens},
  title = {Detecting strange attractors in turbulence},
  booktitle = {Dynamical Systems and Turbulence},
  publisher = {Springer-Verlag},
  year = {1981},
  editor = {D. A. Rand and L.-S. Young},
  volume = {898},
  series = {Lecture Notes in Mathematics},
  pages = {366-381}
}

@INCOLLECTION{taken_1981_theorm_shortform,
  author = {F. Takens},
  title = {Detecting strange attractors in turbulence},
  booktitle = {Dynamical Systems and Turbulence},
  publisher = {Springer-Verlag},
  year = {1981},
  editor = {D. A. Rand and L.-S. Young},
  volume = {898},
  series = {Lecture Notes in Mathematics},
  pages = {366},
  owner = {elmao},
  timestamp = {2009.06.10}
}

@ARTICLE{Varsavsky_2007_Ent,
  author = {A. Varsavsky and I. Mareels},
  title = {A complete strategy for patient Un-specific Detection of Epileptic
	Seizures Using Crude Estimations of Entropy},
  journal = {Proceedings of IEEE EMBS},
  year = {2007},
  month = {August}
}

@ARTICLE{Viglione_1975_patternrecog,
  author = {S.S. Viglione and G.O Walsh},
  title = {Epileptic seizure prediction},
  journal = {Electroencephalography and clinical neurophysiology},
  year = {1975},
  volume = {39},
  pages = {435}
}

@ARTICLE{Whitham_2207_Noise_scalp_highfreq,
  author = {Whitham, E.M. and Pope, K.J. and Fitzgibbon, SP and Lewis, Trent
	and Clark, C.R. and Loveless, S. and Broberg, M. and Wallace, A.
	and Delosangeles, D. and Lillie, P. and Hardy, A. and Fronsko, R.
	and Pulbrook, A. and J.O., Willoughby},
  title = {Scalp electrical recording during paralysis: Quantitative evidence
	that EEG frequencies above 20Hz are contaminated by EMG},
  journal = {Clinical Neurophysiology},
  year = {2007},
  volume = {118},
  pages = {1877-1888},
  number = {8}
}

@INPROCEEDINGS{Whitham_2007_EEG_paralysis,
  author = {Whitham, E.M and Pope, K.J and Fitzgibbon, S.P and Lewis, T and Clark,
	R.C and Loveless, S.J. and Willoughby, J.O.},
  title = {Scalp EEG during paralysis: augmented gamma activity can be detected
	during cognitive processing},
  booktitle = {Scientific Meeting of the International Brain Research Organisation},
  year = {2007},
  address = {Melbourne}
}

@ARTICLE{WPFLCLW2007,
  author = {Whitham, E.M and Pope, K.J and Fitzgibbon, S.P and Lewis, T and Clark,
	R.C and Loveless, S.J. and Willoughby, J.O. },
  title = {Scalp EEG during paralysis: augmented gamma activity can be detected
	during cognitive processing},
  year = {2007},
  address = {Melbourne},
  booktitle = {Scientific Meeting of the International Brain Research Organisation}
}

@ARTICLE{Willems_1995_contexttree,
  author = {M. J. Willems and Y. M. Shtarkov and T. J. Tjalkens},
  title = {The Context-Tree Weighting Method: Basic Properties},
  journal = {IEEE transactions on information theory},
  year = {1995},
  volume = {41},
  pages = {653-664},
  number = {3}
}

@ARTICLE{Winterhalder_2003_performance,
  author = {M. Winterhalder and T. Maiwald and H. U. Voss and R. Aschenbrenner-Scheibe
	and J. Timmer and A. Schulze-Bonhage},
  title = {The seizure prediction characteristic: a general framework to access
	and compare seizure prediction methods},
  journal = {Epilepsy \& Behaviour},
  year = {2003},
  volume = {4},
  pages = {318-325}
}

@ARTICLE{Wolf_1985_Lexp,
  author = {A. Wolf and J. B. Swift and H. L. Swinney and J. A Vastano},
  title = {Determining lyapunov exponents from a time series},
  journal = {Physica D},
  year = {1985},
  volume = {16},
  number = {285}
}

@ARTICLE{Wright_1985_clockmodel,
  author = {J. J. Wright and R. R. Kydd and G. J. Lees},
  title = {State-Changes in the Brain Viewed as Linear Steady-States and Non-linear
	Transitions Between Steady-States},
  journal = {Biological Cybernetics},
  year = {1985},
  volume = {53},
  pages = {11-17},
  owner = {elmao},
  timestamp = {2009.04.23}
}

@BOOK{Kailath_1980_linsys,
  title = {Linear systems},
  publisher = {Prentice-Hall},
  year = {1980},
  editor = {Kailath, T.},
  series = {Information \& Science Series}
}

@MISC{corteximage,
  title = {http://www.doctorhugo.org/brainwaves/brainwaves.html}
}

@INPROCEEDINGS{,
  owner = {elmao},
  timestamp = {2009.02.26}
}

@MANUAL{synamps2,
  title = {\texttrademark{$SynAmps^2$} Specifications},
  organization = {Compumedics Neuroscan},
  address = {6605 West W.T. Harris Blvd,Suite F,Charlotte, NC 28269,USA},
  year = {2009},
  journal = {\copyright Compumedics Limited, 30-40 Flockhart Street, Abbotsford
	3067, Victoria}
}

